%YAML 1.1
%TAG !u! tag:unity3d.com,2011:
--- !u!54 &7703876189120556861
Rigidbody:
  m_ObjectHideFlags: 0
  m_CorrespondingSourceObject: {fileID: 0}
  m_PrefabInstance: {fileID: 0}
  m_PrefabAsset: {fileID: 0}
  m_GameObject: {fileID: 1010847224427174260}
  serializedVersion: 2
  m_Mass: 1
  m_Drag: 0
  m_AngularDrag: 0.05
  m_UseGravity: 1
  m_IsKinematic: 0
  m_Interpolate: 0
  m_Constraints: 0
  m_CollisionDetection: 0
--- !u!54 &6623209477141510341
Rigidbody:
  m_ObjectHideFlags: 0
  m_CorrespondingSourceObject: {fileID: 0}
  m_PrefabInstance: {fileID: 0}
  m_PrefabAsset: {fileID: 0}
  m_GameObject: {fileID: 1024681543985074936}
  serializedVersion: 2
  m_Mass: 1
  m_Drag: 0
  m_AngularDrag: 0.05
  m_UseGravity: 1
  m_IsKinematic: 0
  m_Interpolate: 0
  m_Constraints: 0
  m_CollisionDetection: 0
--- !u!54 &7108277952263441742
Rigidbody:
  m_ObjectHideFlags: 0
  m_CorrespondingSourceObject: {fileID: 0}
  m_PrefabInstance: {fileID: 0}
  m_PrefabAsset: {fileID: 0}
  m_GameObject: {fileID: 1075626061738890892}
  serializedVersion: 2
  m_Mass: 1
  m_Drag: 0
  m_AngularDrag: 0.05
  m_UseGravity: 1
  m_IsKinematic: 0
  m_Interpolate: 0
  m_Constraints: 0
  m_CollisionDetection: 0
--- !u!54 &7946611345769620679
Rigidbody:
  m_ObjectHideFlags: 0
  m_CorrespondingSourceObject: {fileID: 0}
  m_PrefabInstance: {fileID: 0}
  m_PrefabAsset: {fileID: 0}
  m_GameObject: {fileID: 1076775938117952065}
  serializedVersion: 2
  m_Mass: 1
  m_Drag: 0
  m_AngularDrag: 0.05
  m_UseGravity: 1
  m_IsKinematic: 0
  m_Interpolate: 0
  m_Constraints: 0
  m_CollisionDetection: 0
--- !u!54 &1094933805619358113
Rigidbody:
  m_ObjectHideFlags: 0
  m_CorrespondingSourceObject: {fileID: 0}
  m_PrefabInstance: {fileID: 0}
  m_PrefabAsset: {fileID: 0}
  m_GameObject: {fileID: 1240423580059650905}
  serializedVersion: 2
  m_Mass: 1
  m_Drag: 0
  m_AngularDrag: 0.05
  m_UseGravity: 1
  m_IsKinematic: 0
  m_Interpolate: 0
  m_Constraints: 0
  m_CollisionDetection: 0
--- !u!54 &8736417457273119121
Rigidbody:
  m_ObjectHideFlags: 0
  m_CorrespondingSourceObject: {fileID: 0}
  m_PrefabInstance: {fileID: 0}
  m_PrefabAsset: {fileID: 0}
  m_GameObject: {fileID: 1848479535469265683}
  serializedVersion: 2
  m_Mass: 1
  m_Drag: 0
  m_AngularDrag: 0.05
  m_UseGravity: 1
  m_IsKinematic: 0
  m_Interpolate: 0
  m_Constraints: 0
  m_CollisionDetection: 0
--- !u!54 &1512121804059465580
Rigidbody:
  m_ObjectHideFlags: 0
  m_CorrespondingSourceObject: {fileID: 0}
  m_PrefabInstance: {fileID: 0}
  m_PrefabAsset: {fileID: 0}
  m_GameObject: {fileID: 2309312308809404600}
  serializedVersion: 2
  m_Mass: 1
  m_Drag: 0
  m_AngularDrag: 0.05
  m_UseGravity: 1
  m_IsKinematic: 0
  m_Interpolate: 0
  m_Constraints: 0
  m_CollisionDetection: 0
--- !u!1 &2445502407542555457
GameObject:
  m_ObjectHideFlags: 0
  m_CorrespondingSourceObject: {fileID: 0}
  m_PrefabInstance: {fileID: 0}
  m_PrefabAsset: {fileID: 0}
  serializedVersion: 6
  m_Component:
  - component: {fileID: 2445502407542555458}
  - component: {fileID: 2445502407542555459}
  m_Layer: 11
  m_Name: collider (1)
  m_TagString: clingWall
  m_Icon: {fileID: 0}
  m_NavMeshLayer: 0
  m_StaticEditorFlags: 0
  m_IsActive: 1
--- !u!4 &2445502407542555458
Transform:
  m_ObjectHideFlags: 0
  m_CorrespondingSourceObject: {fileID: 0}
  m_PrefabInstance: {fileID: 0}
  m_PrefabAsset: {fileID: 0}
  m_GameObject: {fileID: 2445502407542555457}
  m_LocalRotation: {x: 0.2588191, y: 0, z: 0, w: 0.9659258}
  m_LocalPosition: {x: 0, y: 0.049, z: 0}
  m_LocalScale: {x: 1, y: 1, z: 1}
  m_Children: []
  m_Father: {fileID: 2772689077691730509}
  m_RootOrder: 1
  m_LocalEulerAnglesHint: {x: 30, y: 0, z: 0}
--- !u!65 &2445502407542555459
BoxCollider:
  m_ObjectHideFlags: 0
  m_CorrespondingSourceObject: {fileID: 0}
  m_PrefabInstance: {fileID: 0}
  m_PrefabAsset: {fileID: 0}
  m_GameObject: {fileID: 2445502407542555457}
  m_Material: {fileID: 0}
  m_IsTrigger: 0
  m_Enabled: 1
  serializedVersion: 2
  m_Size: {x: 0.79597414, y: 2.0004525, z: 0.68620414}
  m_Center: {x: 0.003798617, y: 0.19722612, z: 0.39467356}
--- !u!1 &2445502408055954140
GameObject:
  m_ObjectHideFlags: 0
  m_CorrespondingSourceObject: {fileID: 0}
  m_PrefabInstance: {fileID: 0}
  m_PrefabAsset: {fileID: 0}
  serializedVersion: 6
  m_Component:
  - component: {fileID: 2445502408055954141}
  - component: {fileID: 2445502408055954142}
  m_Layer: 11
  m_Name: collider
  m_TagString: clingWall
  m_Icon: {fileID: 0}
  m_NavMeshLayer: 0
  m_StaticEditorFlags: 0
  m_IsActive: 1
--- !u!4 &2445502408055954141
Transform:
  m_ObjectHideFlags: 0
  m_CorrespondingSourceObject: {fileID: 0}
  m_PrefabInstance: {fileID: 0}
  m_PrefabAsset: {fileID: 0}
  m_GameObject: {fileID: 2445502408055954140}
  m_LocalRotation: {x: 0, y: 0, z: 0, w: 1}
  m_LocalPosition: {x: 0, y: 0, z: 0}
  m_LocalScale: {x: 1, y: 1, z: 1}
  m_Children: []
  m_Father: {fileID: 2772689077691730509}
  m_RootOrder: 0
  m_LocalEulerAnglesHint: {x: 0, y: 0, z: 0}
--- !u!65 &2445502408055954142
BoxCollider:
  m_ObjectHideFlags: 0
  m_CorrespondingSourceObject: {fileID: 0}
  m_PrefabInstance: {fileID: 0}
  m_PrefabAsset: {fileID: 0}
  m_GameObject: {fileID: 2445502408055954140}
  m_Material: {fileID: 0}
  m_IsTrigger: 0
  m_Enabled: 1
  serializedVersion: 2
  m_Size: {x: 0.77891374, y: 2.1460588, z: 0.6511717}
  m_Center: {x: 0.0076600313, y: 0.01987207, z: -0.14776945}
--- !u!1 &3256457303592505591
GameObject:
  m_ObjectHideFlags: 0
  m_CorrespondingSourceObject: {fileID: 0}
  m_PrefabInstance: {fileID: 0}
  m_PrefabAsset: {fileID: 0}
  serializedVersion: 6
  m_Component:
  - component: {fileID: 2772689077691730509}
  m_Layer: 11
  m_Name: obstacle
  m_TagString: clingWall
  m_Icon: {fileID: 0}
  m_NavMeshLayer: 0
  m_StaticEditorFlags: 4294967294
  m_IsActive: 1
--- !u!4 &2772689077691730509
Transform:
  m_ObjectHideFlags: 0
  m_CorrespondingSourceObject: {fileID: 0}
  m_PrefabInstance: {fileID: 0}
  m_PrefabAsset: {fileID: 0}
  m_GameObject: {fileID: 3256457303592505591}
  m_LocalRotation: {x: -0.5, y: -0.5, z: -0.5, w: 0.5}
  m_LocalPosition: {x: 0, y: 0, z: 0}
  m_LocalScale: {x: 1, y: 1, z: 1}
  m_Children:
  - {fileID: 2445502408055954141}
  - {fileID: 2445502407542555458}
  - {fileID: 2379015741611257362}
  - {fileID: 2365589566550298906}
  m_Father: {fileID: 0}
  m_RootOrder: 0
  m_LocalEulerAnglesHint: {x: -90, y: 0, z: -90}
--- !u!54 &685872730734370932
Rigidbody:
  m_ObjectHideFlags: 0
  m_CorrespondingSourceObject: {fileID: 0}
  m_PrefabInstance: {fileID: 0}
  m_PrefabAsset: {fileID: 0}
  m_GameObject: {fileID: 3332033633948750417}
  serializedVersion: 2
  m_Mass: 1
  m_Drag: 0
  m_AngularDrag: 0.05
  m_UseGravity: 1
  m_IsKinematic: 0
  m_Interpolate: 0
  m_Constraints: 0
  m_CollisionDetection: 0
--- !u!54 &8486714432655736311
Rigidbody:
  m_ObjectHideFlags: 0
  m_CorrespondingSourceObject: {fileID: 0}
  m_PrefabInstance: {fileID: 0}
  m_PrefabAsset: {fileID: 0}
  m_GameObject: {fileID: 3620231874256424165}
  serializedVersion: 2
  m_Mass: 1
  m_Drag: 0
  m_AngularDrag: 0.05
  m_UseGravity: 1
  m_IsKinematic: 0
  m_Interpolate: 0
  m_Constraints: 0
  m_CollisionDetection: 0
--- !u!54 &772092977691852856
Rigidbody:
  m_ObjectHideFlags: 0
  m_CorrespondingSourceObject: {fileID: 0}
  m_PrefabInstance: {fileID: 0}
  m_PrefabAsset: {fileID: 0}
  m_GameObject: {fileID: 3639189441962494800}
  serializedVersion: 2
  m_Mass: 1
  m_Drag: 0
  m_AngularDrag: 0.05
  m_UseGravity: 1
  m_IsKinematic: 0
  m_Interpolate: 0
  m_Constraints: 0
  m_CollisionDetection: 0
--- !u!54 &1083231647594005692
Rigidbody:
  m_ObjectHideFlags: 0
  m_CorrespondingSourceObject: {fileID: 0}
  m_PrefabInstance: {fileID: 0}
  m_PrefabAsset: {fileID: 0}
  m_GameObject: {fileID: 3752795247292804768}
  serializedVersion: 2
  m_Mass: 1
  m_Drag: 0
  m_AngularDrag: 0.05
  m_UseGravity: 1
  m_IsKinematic: 0
  m_Interpolate: 0
  m_Constraints: 0
  m_CollisionDetection: 0
--- !u!54 &4152218409778664365
Rigidbody:
  m_ObjectHideFlags: 0
  m_CorrespondingSourceObject: {fileID: 0}
  m_PrefabInstance: {fileID: 0}
  m_PrefabAsset: {fileID: 0}
  m_GameObject: {fileID: 4420757171788463771}
  serializedVersion: 2
  m_Mass: 1
  m_Drag: 0
  m_AngularDrag: 0.05
  m_UseGravity: 1
  m_IsKinematic: 0
  m_Interpolate: 0
  m_Constraints: 0
  m_CollisionDetection: 0
--- !u!54 &424141160841518980
Rigidbody:
  m_ObjectHideFlags: 0
  m_CorrespondingSourceObject: {fileID: 0}
  m_PrefabInstance: {fileID: 0}
  m_PrefabAsset: {fileID: 0}
  m_GameObject: {fileID: 5285322943833393945}
  serializedVersion: 2
  m_Mass: 1
  m_Drag: 0
  m_AngularDrag: 0.05
  m_UseGravity: 1
  m_IsKinematic: 0
  m_Interpolate: 0
  m_Constraints: 0
  m_CollisionDetection: 0
--- !u!54 &4659060240569436172
Rigidbody:
  m_ObjectHideFlags: 0
  m_CorrespondingSourceObject: {fileID: 0}
  m_PrefabInstance: {fileID: 0}
  m_PrefabAsset: {fileID: 0}
  m_GameObject: {fileID: 5699172947293949578}
  serializedVersion: 2
  m_Mass: 1
  m_Drag: 0
  m_AngularDrag: 0.05
  m_UseGravity: 1
  m_IsKinematic: 0
  m_Interpolate: 0
  m_Constraints: 0
  m_CollisionDetection: 0
--- !u!54 &4642892068069107138
Rigidbody:
  m_ObjectHideFlags: 0
  m_CorrespondingSourceObject: {fileID: 0}
  m_PrefabInstance: {fileID: 0}
  m_PrefabAsset: {fileID: 0}
  m_GameObject: {fileID: 6064636662305686868}
  serializedVersion: 2
  m_Mass: 1
  m_Drag: 0
  m_AngularDrag: 0.05
  m_UseGravity: 1
  m_IsKinematic: 0
  m_Interpolate: 0
  m_Constraints: 0
  m_CollisionDetection: 0
--- !u!54 &1209540809330764696
Rigidbody:
  m_ObjectHideFlags: 0
  m_CorrespondingSourceObject: {fileID: 0}
  m_PrefabInstance: {fileID: 0}
  m_PrefabAsset: {fileID: 0}
  m_GameObject: {fileID: 6191444888740650315}
  serializedVersion: 2
  m_Mass: 1
  m_Drag: 0
  m_AngularDrag: 0.05
  m_UseGravity: 1
  m_IsKinematic: 0
  m_Interpolate: 0
  m_Constraints: 0
  m_CollisionDetection: 0
--- !u!54 &7345384354745343105
Rigidbody:
  m_ObjectHideFlags: 0
  m_CorrespondingSourceObject: {fileID: 0}
  m_PrefabInstance: {fileID: 0}
  m_PrefabAsset: {fileID: 0}
  m_GameObject: {fileID: 6426451101741884863}
  serializedVersion: 2
  m_Mass: 1
  m_Drag: 0
  m_AngularDrag: 0.05
  m_UseGravity: 1
  m_IsKinematic: 0
  m_Interpolate: 0
  m_Constraints: 0
  m_CollisionDetection: 0
--- !u!54 &6327860237557411294
Rigidbody:
  m_ObjectHideFlags: 0
  m_CorrespondingSourceObject: {fileID: 0}
  m_PrefabInstance: {fileID: 0}
  m_PrefabAsset: {fileID: 0}
  m_GameObject: {fileID: 6448025386701132226}
  serializedVersion: 2
  m_Mass: 1
  m_Drag: 0
  m_AngularDrag: 0.05
  m_UseGravity: 1
  m_IsKinematic: 0
  m_Interpolate: 0
  m_Constraints: 0
  m_CollisionDetection: 0
--- !u!54 &8444280176426326249
Rigidbody:
  m_ObjectHideFlags: 0
  m_CorrespondingSourceObject: {fileID: 0}
  m_PrefabInstance: {fileID: 0}
  m_PrefabAsset: {fileID: 0}
  m_GameObject: {fileID: 6818120206742015872}
  serializedVersion: 2
  m_Mass: 1
  m_Drag: 0
  m_AngularDrag: 0.05
  m_UseGravity: 1
  m_IsKinematic: 0
  m_Interpolate: 0
  m_Constraints: 0
  m_CollisionDetection: 0
--- !u!54 &3108274639463521551
Rigidbody:
  m_ObjectHideFlags: 0
  m_CorrespondingSourceObject: {fileID: 0}
  m_PrefabInstance: {fileID: 0}
  m_PrefabAsset: {fileID: 0}
  m_GameObject: {fileID: 7221581748786186570}
  serializedVersion: 2
  m_Mass: 1
  m_Drag: 0
  m_AngularDrag: 0.05
  m_UseGravity: 1
  m_IsKinematic: 0
  m_Interpolate: 0
  m_Constraints: 0
  m_CollisionDetection: 0
--- !u!1001 &2776837829319215609
PrefabInstance:
  m_ObjectHideFlags: 0
  serializedVersion: 2
  m_Modification:
    m_TransformParent: {fileID: 2772689077691730509}
    m_Modifications:
    - target: {fileID: -8679921383154817045, guid: 9dae603fb93d3244d8d320e277cd7b7d,
        type: 3}
      propertyPath: m_RootOrder
      value: 2
      objectReference: {fileID: 0}
    - target: {fileID: -8679921383154817045, guid: 9dae603fb93d3244d8d320e277cd7b7d,
        type: 3}
      propertyPath: m_LocalScale.x
      value: 0.4
      objectReference: {fileID: 0}
    - target: {fileID: -8679921383154817045, guid: 9dae603fb93d3244d8d320e277cd7b7d,
        type: 3}
      propertyPath: m_LocalScale.y
      value: 0.4
      objectReference: {fileID: 0}
    - target: {fileID: -8679921383154817045, guid: 9dae603fb93d3244d8d320e277cd7b7d,
        type: 3}
      propertyPath: m_LocalScale.z
      value: 0.4
      objectReference: {fileID: 0}
    - target: {fileID: -8679921383154817045, guid: 9dae603fb93d3244d8d320e277cd7b7d,
        type: 3}
      propertyPath: m_LocalPosition.x
      value: -0
      objectReference: {fileID: 0}
    - target: {fileID: -8679921383154817045, guid: 9dae603fb93d3244d8d320e277cd7b7d,
        type: 3}
      propertyPath: m_LocalPosition.y
      value: 0
      objectReference: {fileID: 0}
    - target: {fileID: -8679921383154817045, guid: 9dae603fb93d3244d8d320e277cd7b7d,
        type: 3}
      propertyPath: m_LocalPosition.z
      value: 0
      objectReference: {fileID: 0}
    - target: {fileID: -8679921383154817045, guid: 9dae603fb93d3244d8d320e277cd7b7d,
        type: 3}
      propertyPath: m_LocalRotation.w
      value: 1
      objectReference: {fileID: 0}
    - target: {fileID: -8679921383154817045, guid: 9dae603fb93d3244d8d320e277cd7b7d,
        type: 3}
      propertyPath: m_LocalRotation.x
      value: 0
      objectReference: {fileID: 0}
    - target: {fileID: -8679921383154817045, guid: 9dae603fb93d3244d8d320e277cd7b7d,
        type: 3}
      propertyPath: m_LocalRotation.y
      value: 0
      objectReference: {fileID: 0}
    - target: {fileID: -8679921383154817045, guid: 9dae603fb93d3244d8d320e277cd7b7d,
        type: 3}
      propertyPath: m_LocalRotation.z
      value: 0
      objectReference: {fileID: 0}
    - target: {fileID: -8679921383154817045, guid: 9dae603fb93d3244d8d320e277cd7b7d,
        type: 3}
      propertyPath: m_LocalEulerAnglesHint.x
      value: 0
      objectReference: {fileID: 0}
    - target: {fileID: -8679921383154817045, guid: 9dae603fb93d3244d8d320e277cd7b7d,
        type: 3}
      propertyPath: m_LocalEulerAnglesHint.y
      value: 0
      objectReference: {fileID: 0}
    - target: {fileID: -8679921383154817045, guid: 9dae603fb93d3244d8d320e277cd7b7d,
        type: 3}
      propertyPath: m_LocalEulerAnglesHint.z
      value: 0
      objectReference: {fileID: 0}
    - target: {fileID: -7511558181221131132, guid: 9dae603fb93d3244d8d320e277cd7b7d,
        type: 3}
      propertyPath: m_Materials.Array.data[0]
      value: 
      objectReference: {fileID: 2100000, guid: be34b673720118547b9ac6eb2bd2c83b, type: 2}
    - target: {fileID: 919132149155446097, guid: 9dae603fb93d3244d8d320e277cd7b7d,
        type: 3}
      propertyPath: m_Name
      value: obstacle
      objectReference: {fileID: 0}
    - target: {fileID: 919132149155446097, guid: 9dae603fb93d3244d8d320e277cd7b7d,
        type: 3}
      propertyPath: m_Layer
      value: 11
      objectReference: {fileID: 0}
    m_RemovedComponents: []
  m_SourcePrefab: {fileID: 100100000, guid: 9dae603fb93d3244d8d320e277cd7b7d, type: 3}
--- !u!4 &2379015741611257362 stripped
Transform:
  m_CorrespondingSourceObject: {fileID: -8679921383154817045, guid: 9dae603fb93d3244d8d320e277cd7b7d,
    type: 3}
  m_PrefabInstance: {fileID: 2776837829319215609}
  m_PrefabAsset: {fileID: 0}
--- !u!1001 &2836980037199378161
PrefabInstance:
  m_ObjectHideFlags: 0
  serializedVersion: 2
  m_Modification:
    m_TransformParent: {fileID: 2772689077691730509}
    m_Modifications:
    - target: {fileID: -9079954404423254901, guid: ab531111d931b29499487df78eba25c8,
        type: 3}
      propertyPath: m_CastShadows
      value: 1
      objectReference: {fileID: 0}
    - target: {fileID: -9079954404423254901, guid: ab531111d931b29499487df78eba25c8,
        type: 3}
      propertyPath: m_ReceiveShadows
      value: 0
      objectReference: {fileID: 0}
    - target: {fileID: -9079954404423254901, guid: ab531111d931b29499487df78eba25c8,
        type: 3}
      propertyPath: m_DynamicOccludee
      value: 0
      objectReference: {fileID: 0}
    - target: {fileID: -9079954404423254901, guid: ab531111d931b29499487df78eba25c8,
        type: 3}
      propertyPath: m_LightProbeUsage
      value: 0
      objectReference: {fileID: 0}
    - target: {fileID: -9079954404423254901, guid: ab531111d931b29499487df78eba25c8,
        type: 3}
      propertyPath: m_ReflectionProbeUsage
      value: 0
      objectReference: {fileID: 0}
    - target: {fileID: -9079954404423254901, guid: ab531111d931b29499487df78eba25c8,
        type: 3}
      propertyPath: m_Materials.Array.data[0]
      value: 
      objectReference: {fileID: 2100000, guid: be34b673720118547b9ac6eb2bd2c83b, type: 2}
    - target: {fileID: -8695701978377804215, guid: ab531111d931b29499487df78eba25c8,
        type: 3}
      propertyPath: m_Layer
      value: 11
      objectReference: {fileID: 0}
    - target: {fileID: -8679921383154817045, guid: ab531111d931b29499487df78eba25c8,
        type: 3}
      propertyPath: m_RootOrder
      value: 3
      objectReference: {fileID: 0}
    - target: {fileID: -8679921383154817045, guid: ab531111d931b29499487df78eba25c8,
        type: 3}
      propertyPath: m_LocalScale.x
      value: 0.0038749997
      objectReference: {fileID: 0}
    - target: {fileID: -8679921383154817045, guid: ab531111d931b29499487df78eba25c8,
        type: 3}
      propertyPath: m_LocalScale.y
      value: 0.005
      objectReference: {fileID: 0}
    - target: {fileID: -8679921383154817045, guid: ab531111d931b29499487df78eba25c8,
        type: 3}
      propertyPath: m_LocalScale.z
      value: 0.002360156
      objectReference: {fileID: 0}
    - target: {fileID: -8679921383154817045, guid: ab531111d931b29499487df78eba25c8,
        type: 3}
      propertyPath: m_LocalPosition.x
      value: 0.01
      objectReference: {fileID: 0}
    - target: {fileID: -8679921383154817045, guid: ab531111d931b29499487df78eba25c8,
        type: 3}
      propertyPath: m_LocalPosition.y
      value: 1.06
      objectReference: {fileID: 0}
    - target: {fileID: -8679921383154817045, guid: ab531111d931b29499487df78eba25c8,
        type: 3}
      propertyPath: m_LocalPosition.z
      value: 0.29
      objectReference: {fileID: 0}
    - target: {fileID: -8679921383154817045, guid: ab531111d931b29499487df78eba25c8,
        type: 3}
      propertyPath: m_LocalRotation.w
      value: 0
      objectReference: {fileID: 0}
    - target: {fileID: -8679921383154817045, guid: ab531111d931b29499487df78eba25c8,
        type: 3}
      propertyPath: m_LocalRotation.x
      value: 0
      objectReference: {fileID: 0}
    - target: {fileID: -8679921383154817045, guid: ab531111d931b29499487df78eba25c8,
        type: 3}
      propertyPath: m_LocalRotation.y
      value: 0
      objectReference: {fileID: 0}
    - target: {fileID: -8679921383154817045, guid: ab531111d931b29499487df78eba25c8,
        type: 3}
      propertyPath: m_LocalRotation.z
      value: 1
      objectReference: {fileID: 0}
    - target: {fileID: -8679921383154817045, guid: ab531111d931b29499487df78eba25c8,
        type: 3}
      propertyPath: m_LocalEulerAnglesHint.x
      value: 0
      objectReference: {fileID: 0}
    - target: {fileID: -8679921383154817045, guid: ab531111d931b29499487df78eba25c8,
        type: 3}
      propertyPath: m_LocalEulerAnglesHint.y
      value: 0
      objectReference: {fileID: 0}
    - target: {fileID: -8679921383154817045, guid: ab531111d931b29499487df78eba25c8,
        type: 3}
      propertyPath: m_LocalEulerAnglesHint.z
      value: 180
      objectReference: {fileID: 0}
    - target: {fileID: -8570400722010833605, guid: ab531111d931b29499487df78eba25c8,
        type: 3}
      propertyPath: m_CastShadows
      value: 1
      objectReference: {fileID: 0}
    - target: {fileID: -8570400722010833605, guid: ab531111d931b29499487df78eba25c8,
        type: 3}
      propertyPath: m_ReceiveShadows
      value: 0
      objectReference: {fileID: 0}
    - target: {fileID: -8570400722010833605, guid: ab531111d931b29499487df78eba25c8,
        type: 3}
      propertyPath: m_DynamicOccludee
      value: 0
      objectReference: {fileID: 0}
    - target: {fileID: -8570400722010833605, guid: ab531111d931b29499487df78eba25c8,
        type: 3}
      propertyPath: m_LightProbeUsage
      value: 0
      objectReference: {fileID: 0}
    - target: {fileID: -8570400722010833605, guid: ab531111d931b29499487df78eba25c8,
        type: 3}
      propertyPath: m_ReflectionProbeUsage
      value: 0
      objectReference: {fileID: 0}
    - target: {fileID: -8570400722010833605, guid: ab531111d931b29499487df78eba25c8,
        type: 3}
      propertyPath: m_Materials.Array.data[0]
      value: 
      objectReference: {fileID: 2100000, guid: be34b673720118547b9ac6eb2bd2c83b, type: 2}
    - target: {fileID: -8106954988742499526, guid: ab531111d931b29499487df78eba25c8,
        type: 3}
      propertyPath: m_CastShadows
      value: 1
      objectReference: {fileID: 0}
    - target: {fileID: -8106954988742499526, guid: ab531111d931b29499487df78eba25c8,
        type: 3}
      propertyPath: m_ReceiveShadows
      value: 0
      objectReference: {fileID: 0}
    - target: {fileID: -8106954988742499526, guid: ab531111d931b29499487df78eba25c8,
        type: 3}
      propertyPath: m_DynamicOccludee
      value: 0
      objectReference: {fileID: 0}
    - target: {fileID: -8106954988742499526, guid: ab531111d931b29499487df78eba25c8,
        type: 3}
      propertyPath: m_LightProbeUsage
      value: 0
      objectReference: {fileID: 0}
    - target: {fileID: -8106954988742499526, guid: ab531111d931b29499487df78eba25c8,
        type: 3}
      propertyPath: m_ReflectionProbeUsage
      value: 0
      objectReference: {fileID: 0}
    - target: {fileID: -8106954988742499526, guid: ab531111d931b29499487df78eba25c8,
        type: 3}
      propertyPath: m_Materials.Array.data[0]
      value: 
      objectReference: {fileID: 2100000, guid: be34b673720118547b9ac6eb2bd2c83b, type: 2}
    - target: {fileID: -7956185546990892146, guid: ab531111d931b29499487df78eba25c8,
        type: 3}
      propertyPath: m_CastShadows
      value: 1
      objectReference: {fileID: 0}
    - target: {fileID: -7956185546990892146, guid: ab531111d931b29499487df78eba25c8,
        type: 3}
      propertyPath: m_ReceiveShadows
      value: 0
      objectReference: {fileID: 0}
    - target: {fileID: -7956185546990892146, guid: ab531111d931b29499487df78eba25c8,
        type: 3}
      propertyPath: m_DynamicOccludee
      value: 0
      objectReference: {fileID: 0}
    - target: {fileID: -7956185546990892146, guid: ab531111d931b29499487df78eba25c8,
        type: 3}
      propertyPath: m_LightProbeUsage
      value: 0
      objectReference: {fileID: 0}
    - target: {fileID: -7956185546990892146, guid: ab531111d931b29499487df78eba25c8,
        type: 3}
      propertyPath: m_ReflectionProbeUsage
      value: 0
      objectReference: {fileID: 0}
    - target: {fileID: -7956185546990892146, guid: ab531111d931b29499487df78eba25c8,
        type: 3}
      propertyPath: m_Materials.Array.data[0]
      value: 
      objectReference: {fileID: 2100000, guid: be34b673720118547b9ac6eb2bd2c83b, type: 2}
    - target: {fileID: -7841407734003360226, guid: ab531111d931b29499487df78eba25c8,
        type: 3}
      propertyPath: m_CastShadows
      value: 1
      objectReference: {fileID: 0}
    - target: {fileID: -7841407734003360226, guid: ab531111d931b29499487df78eba25c8,
        type: 3}
      propertyPath: m_ReceiveShadows
      value: 0
      objectReference: {fileID: 0}
    - target: {fileID: -7841407734003360226, guid: ab531111d931b29499487df78eba25c8,
        type: 3}
      propertyPath: m_DynamicOccludee
      value: 0
      objectReference: {fileID: 0}
    - target: {fileID: -7841407734003360226, guid: ab531111d931b29499487df78eba25c8,
        type: 3}
      propertyPath: m_LightProbeUsage
      value: 0
      objectReference: {fileID: 0}
    - target: {fileID: -7841407734003360226, guid: ab531111d931b29499487df78eba25c8,
        type: 3}
      propertyPath: m_ReflectionProbeUsage
      value: 0
      objectReference: {fileID: 0}
    - target: {fileID: -7841407734003360226, guid: ab531111d931b29499487df78eba25c8,
        type: 3}
      propertyPath: m_Materials.Array.data[0]
      value: 
      objectReference: {fileID: 2100000, guid: be34b673720118547b9ac6eb2bd2c83b, type: 2}
    - target: {fileID: -7833341721771648943, guid: ab531111d931b29499487df78eba25c8,
        type: 3}
      propertyPath: m_Layer
      value: 11
      objectReference: {fileID: 0}
    - target: {fileID: -7647668708086481503, guid: ab531111d931b29499487df78eba25c8,
        type: 3}
      propertyPath: m_Layer
      value: 11
      objectReference: {fileID: 0}
    - target: {fileID: -6354490060245593543, guid: ab531111d931b29499487df78eba25c8,
        type: 3}
      propertyPath: m_CastShadows
      value: 1
      objectReference: {fileID: 0}
    - target: {fileID: -6354490060245593543, guid: ab531111d931b29499487df78eba25c8,
        type: 3}
      propertyPath: m_ReceiveShadows
      value: 0
      objectReference: {fileID: 0}
    - target: {fileID: -6354490060245593543, guid: ab531111d931b29499487df78eba25c8,
        type: 3}
      propertyPath: m_DynamicOccludee
      value: 0
      objectReference: {fileID: 0}
    - target: {fileID: -6354490060245593543, guid: ab531111d931b29499487df78eba25c8,
        type: 3}
      propertyPath: m_LightProbeUsage
      value: 0
      objectReference: {fileID: 0}
    - target: {fileID: -6354490060245593543, guid: ab531111d931b29499487df78eba25c8,
        type: 3}
      propertyPath: m_ReflectionProbeUsage
      value: 0
      objectReference: {fileID: 0}
    - target: {fileID: -6354490060245593543, guid: ab531111d931b29499487df78eba25c8,
        type: 3}
      propertyPath: m_Materials.Array.data[0]
      value: 
      objectReference: {fileID: 2100000, guid: be34b673720118547b9ac6eb2bd2c83b, type: 2}
    - target: {fileID: -6321923791884352602, guid: ab531111d931b29499487df78eba25c8,
        type: 3}
      propertyPath: m_CastShadows
      value: 1
      objectReference: {fileID: 0}
    - target: {fileID: -6321923791884352602, guid: ab531111d931b29499487df78eba25c8,
        type: 3}
      propertyPath: m_ReceiveShadows
      value: 0
      objectReference: {fileID: 0}
    - target: {fileID: -6321923791884352602, guid: ab531111d931b29499487df78eba25c8,
        type: 3}
      propertyPath: m_DynamicOccludee
      value: 0
      objectReference: {fileID: 0}
    - target: {fileID: -6321923791884352602, guid: ab531111d931b29499487df78eba25c8,
        type: 3}
      propertyPath: m_LightProbeUsage
      value: 0
      objectReference: {fileID: 0}
    - target: {fileID: -6321923791884352602, guid: ab531111d931b29499487df78eba25c8,
        type: 3}
      propertyPath: m_ReflectionProbeUsage
      value: 0
      objectReference: {fileID: 0}
    - target: {fileID: -6321923791884352602, guid: ab531111d931b29499487df78eba25c8,
        type: 3}
      propertyPath: m_Materials.Array.data[0]
      value: 
      objectReference: {fileID: 2100000, guid: be34b673720118547b9ac6eb2bd2c83b, type: 2}
    - target: {fileID: -6240128437315066871, guid: ab531111d931b29499487df78eba25c8,
        type: 3}
      propertyPath: m_Layer
      value: 11
      objectReference: {fileID: 0}
    - target: {fileID: -5255668814218813236, guid: ab531111d931b29499487df78eba25c8,
        type: 3}
      propertyPath: m_CastShadows
      value: 1
      objectReference: {fileID: 0}
    - target: {fileID: -5255668814218813236, guid: ab531111d931b29499487df78eba25c8,
        type: 3}
      propertyPath: m_ReceiveShadows
      value: 0
      objectReference: {fileID: 0}
    - target: {fileID: -5255668814218813236, guid: ab531111d931b29499487df78eba25c8,
        type: 3}
      propertyPath: m_DynamicOccludee
      value: 0
      objectReference: {fileID: 0}
    - target: {fileID: -5255668814218813236, guid: ab531111d931b29499487df78eba25c8,
        type: 3}
      propertyPath: m_LightProbeUsage
      value: 0
      objectReference: {fileID: 0}
    - target: {fileID: -5255668814218813236, guid: ab531111d931b29499487df78eba25c8,
        type: 3}
      propertyPath: m_ReflectionProbeUsage
      value: 0
      objectReference: {fileID: 0}
    - target: {fileID: -5255668814218813236, guid: ab531111d931b29499487df78eba25c8,
        type: 3}
      propertyPath: m_Materials.Array.data[0]
      value: 
      objectReference: {fileID: 2100000, guid: be34b673720118547b9ac6eb2bd2c83b, type: 2}
    - target: {fileID: -4259514642435418433, guid: ab531111d931b29499487df78eba25c8,
        type: 3}
      propertyPath: m_CastShadows
      value: 1
      objectReference: {fileID: 0}
    - target: {fileID: -4259514642435418433, guid: ab531111d931b29499487df78eba25c8,
        type: 3}
      propertyPath: m_ReceiveShadows
      value: 0
      objectReference: {fileID: 0}
    - target: {fileID: -4259514642435418433, guid: ab531111d931b29499487df78eba25c8,
        type: 3}
      propertyPath: m_DynamicOccludee
      value: 0
      objectReference: {fileID: 0}
    - target: {fileID: -4259514642435418433, guid: ab531111d931b29499487df78eba25c8,
        type: 3}
      propertyPath: m_LightProbeUsage
      value: 0
      objectReference: {fileID: 0}
    - target: {fileID: -4259514642435418433, guid: ab531111d931b29499487df78eba25c8,
        type: 3}
      propertyPath: m_ReflectionProbeUsage
      value: 0
      objectReference: {fileID: 0}
    - target: {fileID: -4259514642435418433, guid: ab531111d931b29499487df78eba25c8,
        type: 3}
      propertyPath: m_Materials.Array.data[0]
      value: 
      objectReference: {fileID: 2100000, guid: be34b673720118547b9ac6eb2bd2c83b, type: 2}
    - target: {fileID: -3241288278491371776, guid: ab531111d931b29499487df78eba25c8,
        type: 3}
      propertyPath: m_CastShadows
      value: 1
      objectReference: {fileID: 0}
    - target: {fileID: -3241288278491371776, guid: ab531111d931b29499487df78eba25c8,
        type: 3}
      propertyPath: m_ReceiveShadows
      value: 0
      objectReference: {fileID: 0}
    - target: {fileID: -3241288278491371776, guid: ab531111d931b29499487df78eba25c8,
        type: 3}
      propertyPath: m_DynamicOccludee
      value: 0
      objectReference: {fileID: 0}
    - target: {fileID: -3241288278491371776, guid: ab531111d931b29499487df78eba25c8,
        type: 3}
      propertyPath: m_LightProbeUsage
      value: 0
      objectReference: {fileID: 0}
    - target: {fileID: -3241288278491371776, guid: ab531111d931b29499487df78eba25c8,
        type: 3}
      propertyPath: m_ReflectionProbeUsage
      value: 0
      objectReference: {fileID: 0}
    - target: {fileID: -3241288278491371776, guid: ab531111d931b29499487df78eba25c8,
        type: 3}
      propertyPath: m_Materials.Array.data[0]
      value: 
      objectReference: {fileID: 2100000, guid: be34b673720118547b9ac6eb2bd2c83b, type: 2}
    - target: {fileID: -2126896393557349330, guid: ab531111d931b29499487df78eba25c8,
        type: 3}
      propertyPath: m_CastShadows
      value: 1
      objectReference: {fileID: 0}
    - target: {fileID: -2126896393557349330, guid: ab531111d931b29499487df78eba25c8,
        type: 3}
      propertyPath: m_ReceiveShadows
      value: 0
      objectReference: {fileID: 0}
    - target: {fileID: -2126896393557349330, guid: ab531111d931b29499487df78eba25c8,
        type: 3}
      propertyPath: m_DynamicOccludee
      value: 0
      objectReference: {fileID: 0}
    - target: {fileID: -2126896393557349330, guid: ab531111d931b29499487df78eba25c8,
        type: 3}
      propertyPath: m_LightProbeUsage
      value: 0
      objectReference: {fileID: 0}
    - target: {fileID: -2126896393557349330, guid: ab531111d931b29499487df78eba25c8,
        type: 3}
      propertyPath: m_ReflectionProbeUsage
      value: 0
      objectReference: {fileID: 0}
    - target: {fileID: -2126896393557349330, guid: ab531111d931b29499487df78eba25c8,
        type: 3}
      propertyPath: m_Materials.Array.data[0]
      value: 
      objectReference: {fileID: 2100000, guid: be34b673720118547b9ac6eb2bd2c83b, type: 2}
    - target: {fileID: -1708696279139452805, guid: ab531111d931b29499487df78eba25c8,
        type: 3}
      propertyPath: m_Layer
      value: 11
      objectReference: {fileID: 0}
    - target: {fileID: -1501686362230758927, guid: ab531111d931b29499487df78eba25c8,
        type: 3}
      propertyPath: m_CastShadows
      value: 1
      objectReference: {fileID: 0}
    - target: {fileID: -1501686362230758927, guid: ab531111d931b29499487df78eba25c8,
        type: 3}
      propertyPath: m_ReceiveShadows
      value: 0
      objectReference: {fileID: 0}
    - target: {fileID: -1501686362230758927, guid: ab531111d931b29499487df78eba25c8,
        type: 3}
      propertyPath: m_DynamicOccludee
      value: 0
      objectReference: {fileID: 0}
    - target: {fileID: -1501686362230758927, guid: ab531111d931b29499487df78eba25c8,
        type: 3}
      propertyPath: m_LightProbeUsage
      value: 0
      objectReference: {fileID: 0}
    - target: {fileID: -1501686362230758927, guid: ab531111d931b29499487df78eba25c8,
        type: 3}
      propertyPath: m_ReflectionProbeUsage
      value: 0
      objectReference: {fileID: 0}
    - target: {fileID: -1501686362230758927, guid: ab531111d931b29499487df78eba25c8,
        type: 3}
      propertyPath: m_Materials.Array.data[0]
      value: 
      objectReference: {fileID: 2100000, guid: be34b673720118547b9ac6eb2bd2c83b, type: 2}
    - target: {fileID: -1294847122812830232, guid: ab531111d931b29499487df78eba25c8,
        type: 3}
      propertyPath: m_Layer
      value: 11
      objectReference: {fileID: 0}
    - target: {fileID: -112117842956348594, guid: ab531111d931b29499487df78eba25c8,
        type: 3}
      propertyPath: m_Layer
      value: 11
      objectReference: {fileID: 0}
    - target: {fileID: 332259295951937034, guid: ab531111d931b29499487df78eba25c8,
        type: 3}
      propertyPath: m_CastShadows
      value: 1
      objectReference: {fileID: 0}
    - target: {fileID: 332259295951937034, guid: ab531111d931b29499487df78eba25c8,
        type: 3}
      propertyPath: m_ReceiveShadows
      value: 0
      objectReference: {fileID: 0}
    - target: {fileID: 332259295951937034, guid: ab531111d931b29499487df78eba25c8,
        type: 3}
      propertyPath: m_DynamicOccludee
      value: 0
      objectReference: {fileID: 0}
    - target: {fileID: 332259295951937034, guid: ab531111d931b29499487df78eba25c8,
        type: 3}
      propertyPath: m_LightProbeUsage
      value: 0
      objectReference: {fileID: 0}
    - target: {fileID: 332259295951937034, guid: ab531111d931b29499487df78eba25c8,
        type: 3}
      propertyPath: m_ReflectionProbeUsage
      value: 0
      objectReference: {fileID: 0}
    - target: {fileID: 332259295951937034, guid: ab531111d931b29499487df78eba25c8,
        type: 3}
      propertyPath: m_Materials.Array.data[0]
      value: 
      objectReference: {fileID: 2100000, guid: be34b673720118547b9ac6eb2bd2c83b, type: 2}
    - target: {fileID: 676446765029778592, guid: ab531111d931b29499487df78eba25c8,
        type: 3}
      propertyPath: m_Layer
      value: 11
      objectReference: {fileID: 0}
    - target: {fileID: 698385360165909728, guid: ab531111d931b29499487df78eba25c8,
        type: 3}
      propertyPath: m_CastShadows
      value: 1
      objectReference: {fileID: 0}
    - target: {fileID: 698385360165909728, guid: ab531111d931b29499487df78eba25c8,
        type: 3}
      propertyPath: m_ReceiveShadows
      value: 0
      objectReference: {fileID: 0}
    - target: {fileID: 698385360165909728, guid: ab531111d931b29499487df78eba25c8,
        type: 3}
      propertyPath: m_DynamicOccludee
      value: 0
      objectReference: {fileID: 0}
    - target: {fileID: 698385360165909728, guid: ab531111d931b29499487df78eba25c8,
        type: 3}
      propertyPath: m_LightProbeUsage
      value: 0
      objectReference: {fileID: 0}
    - target: {fileID: 698385360165909728, guid: ab531111d931b29499487df78eba25c8,
        type: 3}
      propertyPath: m_ReflectionProbeUsage
      value: 0
      objectReference: {fileID: 0}
    - target: {fileID: 698385360165909728, guid: ab531111d931b29499487df78eba25c8,
        type: 3}
      propertyPath: m_Materials.Array.data[0]
      value: 
      objectReference: {fileID: 2100000, guid: be34b673720118547b9ac6eb2bd2c83b, type: 2}
    - target: {fileID: 919132149155446097, guid: ab531111d931b29499487df78eba25c8,
        type: 3}
      propertyPath: m_Name
      value: obstacle_breaked
      objectReference: {fileID: 0}
    - target: {fileID: 919132149155446097, guid: ab531111d931b29499487df78eba25c8,
        type: 3}
      propertyPath: m_Layer
      value: 11
      objectReference: {fileID: 0}
    - target: {fileID: 919132149155446097, guid: ab531111d931b29499487df78eba25c8,
        type: 3}
      propertyPath: m_IsActive
      value: 0
      objectReference: {fileID: 0}
    - target: {fileID: 1541180936484125204, guid: ab531111d931b29499487df78eba25c8,
        type: 3}
      propertyPath: m_Layer
      value: 11
      objectReference: {fileID: 0}
    - target: {fileID: 1875561682077649002, guid: ab531111d931b29499487df78eba25c8,
        type: 3}
      propertyPath: m_Layer
      value: 11
      objectReference: {fileID: 0}
    - target: {fileID: 2979617558519312261, guid: ab531111d931b29499487df78eba25c8,
        type: 3}
      propertyPath: m_Layer
      value: 11
      objectReference: {fileID: 0}
    - target: {fileID: 3003760568941270192, guid: ab531111d931b29499487df78eba25c8,
        type: 3}
      propertyPath: m_Layer
      value: 11
      objectReference: {fileID: 0}
    - target: {fileID: 3004919530083180669, guid: ab531111d931b29499487df78eba25c8,
        type: 3}
      propertyPath: m_Layer
      value: 11
      objectReference: {fileID: 0}
    - target: {fileID: 3134839882123611920, guid: ab531111d931b29499487df78eba25c8,
        type: 3}
      propertyPath: m_CastShadows
      value: 1
      objectReference: {fileID: 0}
    - target: {fileID: 3134839882123611920, guid: ab531111d931b29499487df78eba25c8,
        type: 3}
      propertyPath: m_ReceiveShadows
      value: 0
      objectReference: {fileID: 0}
    - target: {fileID: 3134839882123611920, guid: ab531111d931b29499487df78eba25c8,
        type: 3}
      propertyPath: m_DynamicOccludee
      value: 0
      objectReference: {fileID: 0}
    - target: {fileID: 3134839882123611920, guid: ab531111d931b29499487df78eba25c8,
        type: 3}
      propertyPath: m_LightProbeUsage
      value: 0
      objectReference: {fileID: 0}
    - target: {fileID: 3134839882123611920, guid: ab531111d931b29499487df78eba25c8,
        type: 3}
      propertyPath: m_ReflectionProbeUsage
      value: 0
      objectReference: {fileID: 0}
    - target: {fileID: 3134839882123611920, guid: ab531111d931b29499487df78eba25c8,
        type: 3}
      propertyPath: m_Materials.Array.data[0]
      value: 
      objectReference: {fileID: 2100000, guid: be34b673720118547b9ac6eb2bd2c83b, type: 2}
    - target: {fileID: 3737509892514349939, guid: ab531111d931b29499487df78eba25c8,
        type: 3}
      propertyPath: m_CastShadows
      value: 1
      objectReference: {fileID: 0}
    - target: {fileID: 3737509892514349939, guid: ab531111d931b29499487df78eba25c8,
        type: 3}
      propertyPath: m_ReceiveShadows
      value: 0
      objectReference: {fileID: 0}
    - target: {fileID: 3737509892514349939, guid: ab531111d931b29499487df78eba25c8,
        type: 3}
      propertyPath: m_DynamicOccludee
      value: 0
      objectReference: {fileID: 0}
    - target: {fileID: 3737509892514349939, guid: ab531111d931b29499487df78eba25c8,
        type: 3}
      propertyPath: m_LightProbeUsage
      value: 0
      objectReference: {fileID: 0}
    - target: {fileID: 3737509892514349939, guid: ab531111d931b29499487df78eba25c8,
        type: 3}
      propertyPath: m_ReflectionProbeUsage
      value: 0
      objectReference: {fileID: 0}
    - target: {fileID: 3737509892514349939, guid: ab531111d931b29499487df78eba25c8,
        type: 3}
      propertyPath: m_Materials.Array.data[0]
      value: 
      objectReference: {fileID: 2100000, guid: be34b673720118547b9ac6eb2bd2c83b, type: 2}
    - target: {fileID: 3920424142865563048, guid: ab531111d931b29499487df78eba25c8,
        type: 3}
      propertyPath: m_Layer
      value: 11
      objectReference: {fileID: 0}
    - target: {fileID: 4537908823068587490, guid: ab531111d931b29499487df78eba25c8,
        type: 3}
      propertyPath: m_Layer
      value: 11
      objectReference: {fileID: 0}
    - target: {fileID: 4836432197566944329, guid: ab531111d931b29499487df78eba25c8,
        type: 3}
      propertyPath: m_CastShadows
      value: 1
      objectReference: {fileID: 0}
    - target: {fileID: 4836432197566944329, guid: ab531111d931b29499487df78eba25c8,
        type: 3}
      propertyPath: m_ReceiveShadows
      value: 0
      objectReference: {fileID: 0}
    - target: {fileID: 4836432197566944329, guid: ab531111d931b29499487df78eba25c8,
        type: 3}
      propertyPath: m_DynamicOccludee
      value: 0
      objectReference: {fileID: 0}
    - target: {fileID: 4836432197566944329, guid: ab531111d931b29499487df78eba25c8,
        type: 3}
      propertyPath: m_LightProbeUsage
      value: 0
      objectReference: {fileID: 0}
    - target: {fileID: 4836432197566944329, guid: ab531111d931b29499487df78eba25c8,
        type: 3}
      propertyPath: m_ReflectionProbeUsage
      value: 0
      objectReference: {fileID: 0}
    - target: {fileID: 4836432197566944329, guid: ab531111d931b29499487df78eba25c8,
        type: 3}
      propertyPath: m_Materials.Array.data[0]
      value: 
      objectReference: {fileID: 2100000, guid: be34b673720118547b9ac6eb2bd2c83b, type: 2}
    - target: {fileID: 4856793578015096763, guid: ab531111d931b29499487df78eba25c8,
        type: 3}
      propertyPath: m_Layer
      value: 11
      objectReference: {fileID: 0}
    - target: {fileID: 8264831004903992250, guid: ab531111d931b29499487df78eba25c8,
        type: 3}
      propertyPath: m_Layer
      value: 11
      objectReference: {fileID: 0}
    - target: {fileID: 8320137225571283877, guid: ab531111d931b29499487df78eba25c8,
        type: 3}
      propertyPath: m_Layer
      value: 11
      objectReference: {fileID: 0}
    - target: {fileID: 8773063081801677169, guid: ab531111d931b29499487df78eba25c8,
        type: 3}
      propertyPath: m_Layer
      value: 11
      objectReference: {fileID: 0}
    - target: {fileID: 8775704443945919248, guid: ab531111d931b29499487df78eba25c8,
        type: 3}
      propertyPath: m_CastShadows
      value: 1
      objectReference: {fileID: 0}
    - target: {fileID: 8775704443945919248, guid: ab531111d931b29499487df78eba25c8,
        type: 3}
      propertyPath: m_ReceiveShadows
      value: 0
      objectReference: {fileID: 0}
    - target: {fileID: 8775704443945919248, guid: ab531111d931b29499487df78eba25c8,
        type: 3}
      propertyPath: m_DynamicOccludee
      value: 0
      objectReference: {fileID: 0}
    - target: {fileID: 8775704443945919248, guid: ab531111d931b29499487df78eba25c8,
        type: 3}
      propertyPath: m_LightProbeUsage
      value: 0
      objectReference: {fileID: 0}
    - target: {fileID: 8775704443945919248, guid: ab531111d931b29499487df78eba25c8,
        type: 3}
      propertyPath: m_ReflectionProbeUsage
      value: 0
      objectReference: {fileID: 0}
    - target: {fileID: 8775704443945919248, guid: ab531111d931b29499487df78eba25c8,
        type: 3}
      propertyPath: m_Materials.Array.data[0]
      value: 
      objectReference: {fileID: 2100000, guid: be34b673720118547b9ac6eb2bd2c83b, type: 2}
    - target: {fileID: 9089678831956076339, guid: ab531111d931b29499487df78eba25c8,
        type: 3}
      propertyPath: m_Layer
      value: 11
      objectReference: {fileID: 0}
    - target: {fileID: 9142445176598820015, guid: ab531111d931b29499487df78eba25c8,
        type: 3}
      propertyPath: m_CastShadows
      value: 1
      objectReference: {fileID: 0}
    - target: {fileID: 9142445176598820015, guid: ab531111d931b29499487df78eba25c8,
        type: 3}
      propertyPath: m_ReceiveShadows
      value: 0
      objectReference: {fileID: 0}
    - target: {fileID: 9142445176598820015, guid: ab531111d931b29499487df78eba25c8,
        type: 3}
      propertyPath: m_DynamicOccludee
      value: 0
      objectReference: {fileID: 0}
    - target: {fileID: 9142445176598820015, guid: ab531111d931b29499487df78eba25c8,
        type: 3}
      propertyPath: m_LightProbeUsage
      value: 0
      objectReference: {fileID: 0}
    - target: {fileID: 9142445176598820015, guid: ab531111d931b29499487df78eba25c8,
        type: 3}
      propertyPath: m_ReflectionProbeUsage
      value: 0
      objectReference: {fileID: 0}
    - target: {fileID: 9142445176598820015, guid: ab531111d931b29499487df78eba25c8,
        type: 3}
      propertyPath: m_Materials.Array.data[0]
      value: 
      objectReference: {fileID: 2100000, guid: be34b673720118547b9ac6eb2bd2c83b, type: 2}
    - target: {fileID: 9205349989355405825, guid: ab531111d931b29499487df78eba25c8,
        type: 3}
      propertyPath: m_CastShadows
      value: 1
      objectReference: {fileID: 0}
    - target: {fileID: 9205349989355405825, guid: ab531111d931b29499487df78eba25c8,
        type: 3}
      propertyPath: m_ReceiveShadows
      value: 0
      objectReference: {fileID: 0}
    - target: {fileID: 9205349989355405825, guid: ab531111d931b29499487df78eba25c8,
        type: 3}
      propertyPath: m_DynamicOccludee
      value: 0
      objectReference: {fileID: 0}
    - target: {fileID: 9205349989355405825, guid: ab531111d931b29499487df78eba25c8,
        type: 3}
      propertyPath: m_LightProbeUsage
      value: 0
      objectReference: {fileID: 0}
    - target: {fileID: 9205349989355405825, guid: ab531111d931b29499487df78eba25c8,
        type: 3}
      propertyPath: m_ReflectionProbeUsage
      value: 0
      objectReference: {fileID: 0}
    - target: {fileID: 9205349989355405825, guid: ab531111d931b29499487df78eba25c8,
        type: 3}
      propertyPath: m_Materials.Array.data[0]
      value: 
      objectReference: {fileID: 2100000, guid: be34b673720118547b9ac6eb2bd2c83b, type: 2}
    m_RemovedComponents: []
  m_SourcePrefab: {fileID: 100100000, guid: ab531111d931b29499487df78eba25c8, type: 3}
--- !u!4 &2365589566550298906 stripped
Transform:
  m_CorrespondingSourceObject: {fileID: -8679921383154817045, guid: ab531111d931b29499487df78eba25c8,
    type: 3}
  m_PrefabInstance: {fileID: 2836980037199378161}
  m_PrefabAsset: {fileID: 0}
--- !u!1 &3332033633948750417 stripped
GameObject:
  m_CorrespondingSourceObject: {fileID: 676446765029778592, guid: ab531111d931b29499487df78eba25c8,
    type: 3}
  m_PrefabInstance: {fileID: 2836980037199378161}
  m_PrefabAsset: {fileID: 0}
--- !u!1 &3752795247292804768 stripped
GameObject:
  m_CorrespondingSourceObject: {fileID: -7833341721771648943, guid: ab531111d931b29499487df78eba25c8,
    type: 3}
  m_PrefabInstance: {fileID: 2836980037199378161}
  m_PrefabAsset: {fileID: 0}
--- !u!1 &6191444888740650315 stripped
GameObject:
  m_CorrespondingSourceObject: {fileID: 8264831004903992250, guid: ab531111d931b29499487df78eba25c8,
    type: 3}
  m_PrefabInstance: {fileID: 2836980037199378161}
  m_PrefabAsset: {fileID: 0}
--- !u!1 &6426451101741884863 stripped
GameObject:
  m_CorrespondingSourceObject: {fileID: -112117842956348594, guid: ab531111d931b29499487df78eba25c8,
    type: 3}
  m_PrefabInstance: {fileID: 2836980037199378161}
  m_PrefabAsset: {fileID: 0}
--- !u!1 &1010847224427174260 stripped
GameObject:
  m_CorrespondingSourceObject: {fileID: 2979617558519312261, guid: ab531111d931b29499487df78eba25c8,
    type: 3}
  m_PrefabInstance: {fileID: 2836980037199378161}
  m_PrefabAsset: {fileID: 0}
--- !u!1 &1024681543985074936 stripped
GameObject:
  m_CorrespondingSourceObject: {fileID: -6240128437315066871, guid: ab531111d931b29499487df78eba25c8,
    type: 3}
  m_PrefabInstance: {fileID: 2836980037199378161}
  m_PrefabAsset: {fileID: 0}
--- !u!1 &1075626061738890892 stripped
GameObject:
  m_CorrespondingSourceObject: {fileID: 3004919530083180669, guid: ab531111d931b29499487df78eba25c8,
    type: 3}
  m_PrefabInstance: {fileID: 2836980037199378161}
  m_PrefabAsset: {fileID: 0}
--- !u!1 &5699172947293949578 stripped
GameObject:
  m_CorrespondingSourceObject: {fileID: -1708696279139452805, guid: ab531111d931b29499487df78eba25c8,
    type: 3}
  m_PrefabInstance: {fileID: 2836980037199378161}
  m_PrefabAsset: {fileID: 0}
--- !u!1 &6064636662305686868 stripped
GameObject:
  m_CorrespondingSourceObject: {fileID: 8320137225571283877, guid: ab531111d931b29499487df78eba25c8,
    type: 3}
  m_PrefabInstance: {fileID: 2836980037199378161}
  m_PrefabAsset: {fileID: 0}
--- !u!1 &2309312308809404600 stripped
GameObject:
  m_CorrespondingSourceObject: {fileID: -8695701978377804215, guid: ab531111d931b29499487df78eba25c8,
    type: 3}
  m_PrefabInstance: {fileID: 2836980037199378161}
  m_PrefabAsset: {fileID: 0}
--- !u!1 &1076775938117952065 stripped
GameObject:
  m_CorrespondingSourceObject: {fileID: 3003760568941270192, guid: ab531111d931b29499487df78eba25c8,
    type: 3}
  m_PrefabInstance: {fileID: 2836980037199378161}
  m_PrefabAsset: {fileID: 0}
--- !u!1 &4420757171788463771 stripped
GameObject:
  m_CorrespondingSourceObject: {fileID: 1875561682077649002, guid: ab531111d931b29499487df78eba25c8,
    type: 3}
  m_PrefabInstance: {fileID: 2836980037199378161}
  m_PrefabAsset: {fileID: 0}
--- !u!1 &6818120206742015872 stripped
GameObject:
  m_CorrespondingSourceObject: {fileID: 8773063081801677169, guid: ab531111d931b29499487df78eba25c8,
    type: 3}
  m_PrefabInstance: {fileID: 2836980037199378161}
  m_PrefabAsset: {fileID: 0}
--- !u!1 &5285322943833393945 stripped
GameObject:
  m_CorrespondingSourceObject: {fileID: -1294847122812830232, guid: ab531111d931b29499487df78eba25c8,
    type: 3}
  m_PrefabInstance: {fileID: 2836980037199378161}
  m_PrefabAsset: {fileID: 0}
--- !u!1 &6448025386701132226 stripped
GameObject:
  m_CorrespondingSourceObject: {fileID: 9089678831956076339, guid: ab531111d931b29499487df78eba25c8,
    type: 3}
  m_PrefabInstance: {fileID: 2836980037199378161}
  m_PrefabAsset: {fileID: 0}
--- !u!1 &1240423580059650905 stripped
GameObject:
  m_CorrespondingSourceObject: {fileID: 3920424142865563048, guid: ab531111d931b29499487df78eba25c8,
    type: 3}
  m_PrefabInstance: {fileID: 2836980037199378161}
  m_PrefabAsset: {fileID: 0}
--- !u!1 &3639189441962494800 stripped
GameObject:
  m_CorrespondingSourceObject: {fileID: -7647668708086481503, guid: ab531111d931b29499487df78eba25c8,
    type: 3}
  m_PrefabInstance: {fileID: 2836980037199378161}
  m_PrefabAsset: {fileID: 0}
--- !u!1 &7221581748786186570 stripped
GameObject:
  m_CorrespondingSourceObject: {fileID: 4856793578015096763, guid: ab531111d931b29499487df78eba25c8,
    type: 3}
  m_PrefabInstance: {fileID: 2836980037199378161}
  m_PrefabAsset: {fileID: 0}
--- !u!1 &3620231874256424165 stripped
GameObject:
  m_CorrespondingSourceObject: {fileID: 1541180936484125204, guid: ab531111d931b29499487df78eba25c8,
    type: 3}
  m_PrefabInstance: {fileID: 2836980037199378161}
  m_PrefabAsset: {fileID: 0}
--- !u!1 &1848479535469265683 stripped
GameObject:
  m_CorrespondingSourceObject: {fileID: 4537908823068587490, guid: ab531111d931b29499487df78eba25c8,
    type: 3}
  m_PrefabInstance: {fileID: 2836980037199378161}
  m_PrefabAsset: {fileID: 0}
